@book{kormen,
    author="Томас Кормен Чарльз Лейзерсон Рональд Ривест Клиффорд Штайн",
    title="Алгоритмы. Построение и анализ",
    year="2019",
    isbn="978-5-907114-11-1",
    publisher="Вильямс"
}

@book{dasgupta,
    author="Санджойн Дасгупта Христос Пападимитриу Умеш Вазирани",
    title="Алгоритмы",
    year="2014",
    isbn="978-5-4439-0236-4",
    publisher="МЦНМО"
}

@book{knuth1,
    author="Дональд Эрвин Кнут",
    title="Искусство программирования. Том 1. Основные алгоритмы",
    year="2019",
    isbn="978-5-907144-23-1",
    publisher="Вильямс"
}

@book{knuth2,
    author="Дональд Эрвин Кнут",
    title="Искусство программирования. Том 2. Получисленные алгоритмы",
    year="2019",
    isbn="978-5-907144-15-6",
    publisher="Вильямс"
}

@book{knuth3,
    author="Дональд Эрвин Кнут",
    title="Искусство программирования. Том 3. Сортировка и поиск",
    year="2019",
    isbn="978-5-907144-41-5",
    publisher="Вильямс"
}

@book{knuth4,
    author="Дональд Эрвин Кнут",
    title="Искусство программирования, том 4А. Комбинаторные алгоритмы. Часть 1",
    year="2019",
    isbn="978-5-907144-06-4",
    publisher="Вильямс"
}

@book{burunduk1,
    author="Сергей Копелиович",
    title="Конспекты",
}

@online{emaxx,
    author    = "Максим Иванов",
    title     = "MAXimal algo",
    url       = "https://e-maxx.ru/algo/"
}

@online{algorithmica,
    author    = "Сергей Слотин",
    title     = "Algorithmica",
    url       = "https://algorithmica.org/ru/"
}

@online{cp-algorithms,
    title     = "CP-Algorithms",
    url       = "https://cp-algorithms.com/"
}

@online{wikiifmo,
    title     = "Вики-конспекты ИТМО",
    url       = "http://neerc.ifmo.ru/wiki/index.php?title=Заглавная_страница"
}

@online{mobius,
    author = "Nisiyama Suzune",
    title  = "[Tutorial] Math note — Möbius inversion",
    url    = "https://codeforces.com/blog/entry/53925"
}

@online{dirichlet,
    author = "Nisiyama Suzune",
    title  = "[Tutorial] Math note — Dirichlet convolution",
    url    = "https://codeforces.com/blog/entry/54150"
}

@online{stb,
    author = "Ruyi Ji",
    title  = "A simple introduction to Segment tree beats",
    url    = "https://codeforces.com/blog/entry/57319"
}

@online{stb-chinese,
    author = "Ruyi Ji",
    title  = "Segment tree beats", % 区间最值操作与历史最值问题
    url    = "http://www.doc88.com/p-6744902151779.html"
}

@online{li-chao-extended,
    author = "Rama Aryasuta Pangestu",
    title  = "[Tutorial] Li Chao Tree Extended",
    url    = "https://codeforces.com/blog/entry/86731"
}

@online{walsh–hadamard,
    author = "Alex Tatomir",
    title  = "Fast Fourier Transform and variations of it",
    url    = "https://csacademy.com/blog/fast-fourier-transform-and-variations-of-it"
}

@online{ios-sync,
    author = "Андрей Вихров",
    title  = "Снова про ввод/вывод в C++",
    url    = "https://codeforces.com/blog/entry/5217"
}

@online{cout-tie,
    author = "Tähvend Uustalu",
    title  = "Ok, lets talk about cout.tie once and forever",
    url    = "https://codeforces.com/blog/entry/90775?#comment-791764"
}

@online{linear-binups,
    author = "Дмитрий Урбанович",
    title  = "Binary Lifting, No Memory Wasted",
    url    = "https://codeforces.com/blog/entry/74847"
}

@online{down-segment-tree,
    author = "Oleksandr Bacherikov",
    title  = "Efficient and easy segment trees",
    url    = "https://codeforces.com/blog/entry/18051"
}

@online{down-segment-tree2,
    author = "Дмитрий Урбанович",
    title  = "Non-recursive Implementation of Range Queries and Modifications over Array",
    url    = "https://codeforces.com/blog/entry/1256"
}

@online{powerful-number-sieve,
    author = "Liang Bai",
    title  = "The prefix-sum of multiplicative function: powerful number sieve",
    url    = "http://baihacker.github.io/main/2020/The_prefix-sum_of_multiplicative_function_powerful_number_sieve.html"
}


    
